@Misc{ref:stackoverflow,
  author = {Stack Overflow},
  title  = {{Stack} {Overflow} {Developer} {Survey} {2019}},
  year   = {2019},
  url    = {https://insights.stackoverflow.com/survey/2019\#most-popular-technologies},
}

@Misc{ref:stackoverflowai,
  author = {Stack Overflow},
  title  = {{Stack} {Overflow} {Developer} {Survey} {2019}},
  year   = {2019},
  url    = {https://insights.stackoverflow.com/survey/2019\#most-loved-dreaded-and-wanted},
  key    = {2},
}

@Article{ref:cancer,
  author  = {{Joseph A. Cruz och David S. Wishart}}, 
  title   = {{Applications} of {Machine} {Learning} in {Cancer} {Prediction} and {Prognosis}},
  journal = {{Cancer} {Informatics}},
  year    = {2006},
  url     = {https://journals.sagepub.com/doi/pdf/10.1177/117693510600200030},
}

@Article{ref:antibiotika,
  author  = {{Jonathan M. Stokes, Kevin Yang, Kyle Swanson, Wengong Jim och *}},
  title   = {{A} {Deep} {Learning} {Approach} to {Antibiotic} {Discovery}},
  journal = {Cell},
  year    = {2020},
  issue   = {4},
  volume  = {180},
  pages   = {668-702},
  url     = {https://www.sciencedirect.com/science/article/pii/S0092867420301021},
}

@Article{ref:motorer,
  author  = {{Ka In Wong, Pak Kin Wong, Chun Sun Cheung och Chi Man Wong}},
  title   = {Modeling and optimization of biodiesel engine performance using advanced machine learning methods},
  journal = {Energy},
  year    = {2013},
  volume  = {55},
  pages   = {519-528},
  url     = {https://www.sciencedirect.com/science/article/abs/pii/S0360544213002533},
}
